@misc{ wiki:001,
   author = "Wikipedia",
   title = "Stochastische Unabhängigkeit --- Wikipedia{,} Die freie Enzyklopädie",
   year = "2014",
   url = "\url{http://de.wikipedia.org/w/index.php?title=Stochastische_Unabh%C3%A4ngigkeit&oldid=127370522}",
   note = "[Online; Stand 7. März 2014]"
}

@misc{ wiki:002,
   author = "Wikipedia",
   title = "Tschebyscheff-Ungleichung --- Wikipedia{,} Die freie Enzyklopädie",
   year = "2013",
   url = "\url{http://de.wikipedia.org/w/index.php?title=Tschebyscheff-Ungleichung&oldid=122623528}",
   note = "[Online; Stand 8. März 2014]"
 }

 @misc{ wiki:003,
   author = "Wikipedia",
   title = "Binomialverteilung --- Wikipedia{,} Die freie Enzyklopädie",
   year = "2014",
   url = "\url{http://de.wikipedia.org/w/index.php?title=Binomialverteilung&oldid=127299830}",
   note = "[Online; Stand 8. März 2014]"
 }
